@article{ravishankara2009nitrous,
  title={Nitrous oxide (N2O): the dominant ozone-depleting substance emitted in the 21st century},
  author={Ravishankara, AR and Daniel, John S and Portmann, Robert W},
  journal={science},
  volume={326},
  number={5949},
  pages={123--125},
  year={2009},
  publisher={American Association for the Advancement of Science}
}

@article{shukla2019climate,
  title={Climate Change and Land: an IPCC special report on climate change, desertification, land degradation, sustainable land management, food security, and greenhouse gas fluxes in terrestrial ecosystems},
  author={Shukla, Priyadarshi R and Skeg, J and Buendia, E Calvo and Masson-Delmotte, Val{\'e}rie and P{\"o}rtner, H-O and Roberts, DC and Zhai, Panmao and Slade, Raphael and Connors, Sarah and van Diemen, S and others},
  year={2019}
}

@article{galloway2003nitrogen,
  title={The nitrogen cascade},
  author={Galloway, James N and Aber, John D and Erisman, Jan Willem and Seitzinger, Sybil P and Howarth, Robert W and Cowling, Ellis B and Cosby, B Jack},
  journal={Bioscience},
  volume={53},
  number={4},
  pages={341--356},
  year={2003},
  publisher={American Institute of Biological Sciences}
}

@article{richardson2009mitigating,
  title={Mitigating release of the potent greenhouse gas N2O from the nitrogen cycle--could enzymic regulation hold the key?},
  author={Richardson, David and Felgate, Heather and Watmough, Nick and Thomson, Andrew and Baggs, Elizabeth},
  journal={Trends in biotechnology},
  volume={27},
  number={7},
  pages={388--397},
  year={2009},
  publisher={Elsevier}
}

@article{taylor2010stoichiometric,
  title={Stoichiometric control of organic carbon--nitrate relationships from soils to the sea},
  author={Taylor, Philip G and Townsend, Alan R},
  journal={Nature},
  volume={464},
  number={7292},
  pages={1178--1181},
  year={2010},
  publisher={Nature Publishing Group}
}

@article{thomson2012biological,
  title={Biological sources and sinks of nitrous oxide and strategies to mitigate emissions},
  author={Thomson, Andrew J and Giannopoulos, Georgios and Pretty, Jules and Baggs, Elizabeth M and Richardson, David J},
  journal={Philosophical Transactions of the Royal Society B: Biological Sciences},
  volume={367},
  number={1593},
  pages={1157--1168},
  year={2012},
  publisher={The Royal Society}
}

@article{zumft1997cell,
  title={Cell biology and molecular basis of denitrification},
  author={Zumft, Walter G},
  journal={Microbiology and molecular biology reviews},
  volume={61},
  number={4},
  pages={533--616},
  year={1997},
  publisher={Am Soc Microbiol}
}

@techreport{vannitrogen,
  title={The Nitrogen cycle: denitrification and its relationship to N2 fixation.--277-327},
  author={van Spanning, RJM},
  institution={En: Nitrogen fixation in agriculture, forestry, ecology, and the environment~…}
}

@incollection{van2007introduction,
  title={Introduction to the biochemistry and molecular biology of denitrification},
  author={van Spanning, Rob JM and Richardson, David J and Ferguson, Stuart J},
  booktitle={Biology of the nitrogen cycle},
  pages={3--20},
  year={2007},
  publisher={Elsevier}
}

@article{kraft2011microbial,
  title={Microbial nitrate respiration--genes, enzymes and environmental distribution},
  author={Kraft, Beate and Strous, Marc and Tegetmeyer, Halina E},
  journal={Journal of biotechnology},
  volume={155},
  number={1},
  pages={104--117},
  year={2011},
  publisher={Elsevier}
}

@article{bueno2012bacterial,
  title={Bacterial adaptation of respiration from oxic to microoxic and anoxic conditions: redox control},
  author={Bueno, Emilio and Mesa, Socorro and Bedmar, Eulogio J and Richardson, David J and Delgado, Maria J},
  journal={Antioxidants \& redox signaling},
  volume={16},
  number={8},
  pages={819--852},
  year={2012},
  publisher={Mary Ann Liebert, Inc. 140 Huguenot Street, 3rd Floor New Rochelle, NY 10801 USA}
}

@article{torres2016nitrous,
  title={Nitrous oxide metabolism in nitrate reducing bacteria: physiology and regulatory mechanisms},
  author={Torres, MJ and Simon, Jorg and Rowley, Gary and Bedmar, EJ and Richardson, DJ and Gates, AJ and Delgado, MJ},
  journal={Advances in microbial physiology},
  volume={68},
  pages={353--432},
  year={2016},
  publisher={Elsevier}
}

@misc{bedmar2005complete,
  title={The complete denitrification pathway of the symbiotic, nitrogen-fixing bacterium Bradyrhizobium japonicum},
  author={Bedmar, EJ and Robles, EF and Delgado, MJ},
  year={2005},
  publisher={Portland Press Ltd.}
}

@article{bedmar2013ecology,
  title={Ecology of denitrification in soils and plant-associated bacteria},
  author={Bedmar, EJ and Bueno, E and Correa, D and Torres, MJ and Delgado, MJ and Mesa, S},
  journal={Beneficial plant-microbial interactions: Ecology and applications},
  pages={164--182},
  year={2013},
  publisher={CRC Press Florida}
}

@article{salas2021bacterial,
  title={Bacterial nitric oxide metabolism: Recent insights in rhizobia},
  author={Salas, Ana and Cabrera, Juan J and Jim{\'e}nez-Leiva, Andrea and Mesa, Socorro and Bedmar, Eulogio J and Richardson, David J and Gates, Andrew J and Delgado, Mar{\'\i}a J},
  journal={Advances in microbial physiology},
  volume={78},
  pages={259--315},
  year={2021},
  publisher={Elsevier}
}

@article{poole2018rhizobia,
  title={Rhizobia: from saprophytes to endosymbionts},
  author={Poole, Philip and Ramachandran, Vinoy and Terpolilli, Jason},
  journal={Nature Reviews Microbiology},
  volume={16},
  number={5},
  pages={291--303},
  year={2018},
  publisher={Nature Publishing Group}
}

@article{delgado2003bradyrhizobium,
  title={The Bradyrhizobium japonicum napEDABC genes encoding the periplasmic nitrate reductase are essential for nitrate respiration},
  author={Delgado, Mar{\'\i}a J and Bonnard, Nathalie and Tresierra-Ayala, Alvaro and Bedmar, Eulogio J and M{\"u}ller, Peter},
  journal={Microbiology},
  volume={149},
  number={12},
  pages={3395--3403},
  year={2003},
  publisher={Microbiology Society}
}

@article{velasco2001characterization,
  title={Characterization of the nirK gene encoding the respiratory, Cu-containing nitrite reductase of Bradyrhizobium japonicum},
  author={Velasco, Leonardo and Mesa, Socorro and Delgado, Mar{\i}́a J and Bedmar, Eulogio J},
  journal={Biochimica et Biophysica Acta (BBA)-Gene Structure and Expression},
  volume={1521},
  number={1-3},
  pages={130--134},
  year={2001},
  publisher={Elsevier}
}

@article{mesa2002characterization,
  title={Characterization of the norCBQD genes, encoding nitric oxide reductase, in the nitrogen fixing bacterium Bradyrhizobium japonicumbbThe GenBank accession number for the B. japonicum norCBQD genes reported in this paper is AJ132911.},
  author={Mesa, Socorro and Velasco, Leonardo and Manzanera, Maximino E and Delgado, Mar{\i}́a J and Bedmar, Eulogio J},
  journal={Microbiology},
  volume={148},
  number={11},
  pages={3553--3560},
  year={2002},
  publisher={Microbiology Society}
}

@article{velasco2004molecular,
  title={Molecular characterization of nosRZDFYLX genes coding for denitrifying nitrous oxide reductase of Bradyrhizobium japonicum},
  author={Velasco, Leonardo and Mesa, Socorro and Xu, Chang-ai and Delgado, Mar{\'\i}a J and Bedmar, Eulogio J},
  journal={Antonie Van Leeuwenhoek},
  volume={85},
  number={3},
  pages={229--235},
  year={2004},
  publisher={Springer}
}

@article{mesa2003bradyrhizobium,
  title={Bradyrhizobium japonicum NnrR, a denitrification regulator, expands the FixLJ-FixK2 regulatory cascade},
  author={Mesa, Socorro and Bedmar, Eulogio J and Chanfon, Astrid and Hennecke, Hauke and Fischer, Hans-Martin},
  journal={Journal of bacteriology},
  volume={185},
  number={13},
  pages={3978--3982},
  year={2003},
  publisher={Am Soc Microbiol}
}

@article{mesa2008comprehensive,
  title={Comprehensive assessment of the regulons controlled by the FixLJ-FixK2-FixK1 cascade in Bradyrhizobium japonicum},
  author={Mesa, Socorro and Hauser, Felix and Friberg, Markus and Malaguti, Emmanuelle and Fischer, Hans-Martin and Hennecke, Hauke},
  journal={Journal of bacteriology},
  volume={190},
  number={20},
  pages={6568--6579},
  year={2008},
  publisher={Am Soc Microbiol}
}

@article{bueno2017disparate,
  title={Disparate response to microoxia and nitrogen oxides of the Bradyrhizobium japonicum napEDABC, nirK and norCBQD denitrification genes},
  author={Bueno, Emilio and Robles, Eloy F and Torres, Mar{\'\i}a J and Krell, Tino and Bedmar, Eulogio J and Delgado, Mar{\'\i}a J and Mesa, Socorro},
  journal={Nitric Oxide},
  volume={68},
  pages={137--149},
  year={2017},
  publisher={Elsevier}
}

@article{torres2017fixk2,
  title={FixK2 is the main transcriptional activator of Bradyrhizobium diazoefficiens nosRZDYFLX genes in response to low oxygen},
  author={Torres, Mar{\'\i}a J and Bueno, Emilio and Jim{\'e}nez-Leiva, Andrea and Cabrera, Juan J and Bedmar, Eulogio J and Mesa, Socorro and Delgado, Mar{\'\i}a J},
  journal={Frontiers in microbiology},
  volume={8},
  pages={1621},
  year={2017},
  publisher={Frontiers}
}

@article{jimenez2019expanding,
  title={Expanding the regulon of the Bradyrhizobium diazoefficiens NnrR transcription factor: new insights into the denitrification pathway},
  author={Jim{\'e}nez-Leiva, Andrea and Cabrera, Juan J and Bueno, Emilio and Torres, Mar{\'\i}a J and Salazar, Sergio and Bedmar, Eulogio J and Delgado, Mar{\'\i}a J and Mesa, Socorro},
  journal={Frontiers in microbiology},
  pages={1926},
  year={2019},
  publisher={Frontiers}
}

@article{cabrera2021dissection,
  title={Dissection of FixK2 protein--DNA interaction unveils new insights into Bradyrhizobium diazoefficiens lifestyles control},
  author={Cabrera, Juan J and Jim{\'e}nez-Leiva, Andrea and Tom{\'a}s-Gallardo, Laura and Parejo, Sergio and Casado, Sara and Torres, Mar{\'\i}a J and Bedmar, Eulogio J and Delgado, Mar{\'\i}a J and Mesa, Socorro},
  journal={Environmental Microbiology},
  volume={23},
  number={10},
  pages={6194--6209},
  year={2021},
  publisher={Wiley Online Library}
}

@misc{bakken2017sources,
  title={Sources and sinks for N2O, can microbiologist help to mitigate N2O emissions?},
  author={Bakken, Lars R and Frosteg{\aa}rd, {\AA}sa},
  journal={Environmental microbiology},
  volume={19},
  number={12},
  pages={4801--4805},
  year={2017},
  publisher={Wiley Online Library}
}

@article{carreira2020effect,
  title={The effect of pH on Marinobacter hydrocarbonoclasticus denitrification pathway and nitrous oxide reductase},
  author={Carreira, C{\'\i}ntia and Nunes, Rute F and Mestre, Olga and Moura, Isabel and Pauleta, Sofia R},
  journal={JBIC Journal of Biological Inorganic Chemistry},
  volume={25},
  number={7},
  pages={927--940},
  year={2020},
  publisher={Springer}
}

@article{olaya2021effect,
  title={Effect of pH on the denitrification proteome of the soil bacterium Paracoccus denitrificans PD1222},
  author={Olaya-Abril, Alfonso and Hidalgo-Carrillo, Jes{\'u}s and Luque-Almagro, V{\'\i}ctor M and Fuentes-Almagro, Carlos and Urbano, Francisco J and Moreno-Vivi{\'a}n, Conrado and Richardson, David J and Rold{\'a}n, Mar{\'\i}a Dolores},
  journal={Scientific reports},
  volume={11},
  number={1},
  pages={1--12},
  year={2021},
  publisher={Nature Publishing Group}
}

@article{black2016influence,
  title={Influence of copper on expression of nirS, norB and nosZ and the transcription and activity of NIR, NOR and N2 OR in the denitrifying soil bacteria Pseudomonas stutzeri},
  author={Black, Amanda and Hsu, Pei-Chun L and Hamonts, Kelly E and Clough, Tim J and Condron, Leo M},
  journal={Microbial biotechnology},
  volume={9},
  number={3},
  pages={381--388},
  year={2016},
  publisher={Wiley Online Library}
}

@article{matsubara1982modulation,
  title={Modulation by copper of the products of nitrite respiration in Pseudomonas perfectomarinus},
  author={Matsubara, T and Frunzke, K and Zumft, WG},
  journal={Journal of Bacteriology},
  volume={149},
  number={3},
  pages={816--823},
  year={1982},
  publisher={Am Soc Microbiol}
}

@article{felgate2012impact,
  title={The impact of copper, nitrate and carbon status on the emission of nitrous oxide by two species of bacteria with biochemically distinct denitrification pathways},
  author={Felgate, Heather and Giannopoulos, Georgios and Sullivan, Matthew J and Gates, Andrew J and Clarke, Thomas A and Baggs, Elizabeth and Rowley, Gary and Richardson, David J},
  journal={Environmental microbiology},
  volume={14},
  number={7},
  pages={1788--1800},
  year={2012},
  publisher={Wiley Online Library}
}

@article{sullivan2013copper,
  title={Copper control of bacterial nitrous oxide emission and its impact on vitamin B12-dependent metabolism},
  author={Sullivan, Matthew J and Gates, Andrew J and Appia-Ayme, Corinne and Rowley, Gary and Richardson, David J},
  journal={Proceedings of the National Academy of Sciences},
  volume={110},
  number={49},
  pages={19926--19931},
  year={2013},
  publisher={National Acad Sciences}
}

@article{serventi2012copper,
  title={Copper starvation-inducible protein for cytochrome oxidase biogenesis in Bradyrhizobium japonicum},
  author={Serventi, Fabio and Youard, Zeb Andrew and Murset, Val{\'e}rie and Huwiler, Simona and B{\"u}hler, Doris and Richter, Miriam and Luchsinger, Ronny and Fischer, Hans-Martin and Brogioli, Robert and Niederer, Martina and others},
  journal={Journal of Biological Chemistry},
  volume={287},
  number={46},
  pages={38812--38823},
  year={2012},
  publisher={ASBMB}
}

@article{regensburger1983rna,
  title={RNA polymerase from Rhizobium japonicum},
  author={Regensburger, Brigitte and Hennecke, Hauke},
  journal={Archives of microbiology},
  volume={135},
  number={2},
  pages={103--109},
  year={1983},
  publisher={Springer}
}

@misc{robles2006bradyrhizobium,
  title={The Bradyrhizobium japonicum napEDABC genes are controlled by the FixLJ-FixK2-NnrR regulatory cascade},
  author={Robles, EF and Sanchez, C and Bonnard, N and Delgado, MJ and Bedmar, EJ},
  year={2006},
  publisher={Portland Press Ltd.}
}

@article{vincent1970manual,
  title={A manual for the root-nodule bacteria.},
  author={Vincent, JM and others},
  journal={A manual for the root-nodule bacteria.},
  year={1970},
  publisher={Blackwell Scientific Publications}
}

@article{becker2004global,
  title={Global changes in gene expression in Sinorhizobium meliloti 1021 under microoxic and symbiotic conditions},
  author={Becker, Anke and Berg{\`e}s, H{\'e}l{\`e}ne and Krol, Elizaveta and Bruand, Claude and R{\"u}berg, Silvia and Capela, Delphine and Lauber, Emmanuelle and Meilhoc, Eliane and Ampe, Fr{\'e}d{\'e}ric and de Bruijn, Frans J and others},
  journal={Molecular Plant-Microbe Interactions},
  volume={17},
  number={3},
  pages={292--303},
  year={2004},
  publisher={Am Phytopath Society}
}

@article{bishop1976relation,
  title={Relation between glutamine synthetase and nitrogenase activities in the symbiotic association between Rhizobium japonicum and Glycine max},
  author={Bishop, Paul E and Guevara, Juan G and Engelke, Jean A and Evans, Harold J},
  journal={Plant Physiology},
  volume={57},
  number={4},
  pages={542--546},
  year={1976},
  publisher={American Society of Plant Biologists}
}

@article{cabrera2016integrated,
  title={An integrated biochemical system for nitrate assimilation and nitric oxide detoxification in Bradyrhizobium japonicum},
  author={Cabrera, Juan J and Salas, Ana and Torres, Mar{\'\i}a J and Bedmar, Eulogio J and Richardson, David J and Gates, Andrew J and Delgado, Mar{\'\i}a J},
  journal={Biochemical Journal},
  volume={473},
  number={3},
  pages={297--309},
  year={2016},
  publisher={Portland Press Ltd.}
}

@misc{miller1972miller,
  title={Miller JH.. Experiments in Molecular Genetics},
  author={Miller, JH},
  year={1972},
  publisher={Cold Spring Harbor Laboratory Press, Cold Spring Harbor, NY}
}

@article{bricio2014third,
  title={A third subunit in ancestral cytochrome c-dependent nitric oxide reductases},
  author={Bricio, Carlos and {\'A}lvarez, Laura and San Mart{\'\i}n, Marta and Schurig-Briccio, Lici A and Gennis, Robert B and Berenguer, Jos{\'e}},
  journal={Applied and environmental microbiology},
  volume={80},
  number={16},
  pages={4871--4878},
  year={2014},
  publisher={Am Soc Microbiol}
}

